@book{minedu2020,
  author    = {Ministerio de Educación del Perú},
  title     = {Currículo Nacional de la Educación Básica},
  year      = {2020},
  location  = {Lima, Perú},
  publisher = {MINEDU}
}

@book{barrow2018,
  author    = {Barrow, Harold M. and McGee, Rosemary},
  title     = {Educación física y su fundamento científico},
  year      = {2018},
  publisher = {Reverté},
  edition   = {9},
  location  = {Barcelona}
}

@online{mineduweb,
  author  = {Ministerio de Educación del Perú},
  title   = {Aprendizajes fundamentales},
  year    = {2023},
  url     = {https://www.minedu.gob.pe},
  note    = {Consultado el 17 de julio de 2025}
}



